@misc{quixWhatEventdriven,
	author = {Tomáš Neubauer},
	title = {{T}he what, why and how of event-driven programming --- quix.io},
	howpublished = {\url{https://quix.io/blog/what-why-how-of-event-driven-programming}},
	year = {2023},
}

@misc{studysmarterProgrammingParadigms,
	author = {StudySmarter.co.uk},
	title = {{P}rogramming {P}aradigms: {M}eaning \&amp; {E}xamples | {S}tudy{S}marter --- studysmarter.co.uk},
	howpublished = {\url{https://www.studysmarter.co.uk/explanations/computer-science/computer-programming/programming-paradigms/}},
	year = {},
}

@misc{studysmarterEventDriven,
	author = {StudySmarter.co.uk},
	title = {{E}vent {D}riven {P}rogramming: {E}xamples, {A}dvantages \&amp; {F}eatures --- studysmarter.co.uk},
	howpublished = {\url{https://www.studysmarter.co.uk/explanations/computer-science/computer-programming/event-driven-programming/}},
	year = {},
}

@misc{EventdrivenProgramming,
	author = {Miladev95},
	title = {{E}vent-driven programming --- miladev95},
	howpublished = {\url{https://medium.com/@miladev95/event-driven-programming-cbd3ed8ec2ca}},
	year = {2023},
}

@misc{adservioEventDrivenArchitecture,
	author = {aservio.fr},
	title = {{E}vent-{D}riven {A}rchitecture --- adservio.fr},
	howpublished = {\url{https://www.adservio.fr/post/event-driven-architecture}},
	year = {2022},
}